@inproceedings{ng1999policy,
  title={Policy invariance under reward transformations: Theory and application to reward shaping},
  author={Ng, Andrew Y and Harada, Daishi and Russell, Stuart},
  booktitle={ICML},
  volume={99},
  pages={278--287},
  year={1999}
}

@inproceedings{lieder2016helping,
  title={Helping people make better decisions using optimal gamification},
  author={Lieder, Falk and Griffiths, Thomas L.},
  booktitle={Proceedings of the 38th Annual Conference of the Cognitive Science Society},
  year={2016}
}

@book{sutton1998reinforcement,
  title={Reinforcement learning: An introduction},
  author={Sutton, Richard S and Barto, Andrew G},
  year={1998},
  publisher={MIT press}
}

@article{gershman2015reinforcement,
  title={Reinforcement learning and causal models},
  author={Gershman, Samuel J},
  year={2015}
}

@article{daw2005uncertainty,
  title={Uncertainty-based competition between prefrontal and dorsolateral striatal systems for behavioral control},
  author={Daw, Nathaniel D and Niv, Yael and Dayan, Peter},
  journal={Nature neuroscience},
  volume={8},
  number={12},
  pages={1704--1711},
  year={2005},
  publisher={Nature Publishing Group}
}

@article{wilson2014humans,
  title={Humans use directed and random exploration to solve the explore--exploit dilemma.},
  author={Wilson, Robert C and Geana, Andra and White, John M and Ludvig, Elliot A and Cohen, Jonathan D},
  journal={Journal of Experimental Psychology: General},
  volume={143},
  number={6},
  pages={2074},
  year={2014},
  publisher={American Psychological Association}
}

@article{gershman2014retrospective,
  title={Retrospective revaluation in sequential decision making: A tale of two systems.},
  author={Gershman, Samuel J and Markman, Arthur B and Otto, A Ross},
  journal={Journal of Experimental Psychology: General},
  volume={143},
  number={1},
  pages={182},
  year={2014},
  publisher={American Psychological Association}
}

@book{mcgonigal2011reality,
  title={Reality is broken: Why games make us better and how they can change the world},
  author={McGonigal, Jane},
  year={2011},
  publisher={Penguin}
}

@book{o1978hippocampus,
  title={The hippocampus as a cognitive map},
  author={O'keefe, John and Nadel, Lynn},
  volume={3},
  year={1978},
  publisher={Clarendon Press Oxford}
}

@MISC{behrens2015,
  author = {Constantinescu, Alexandra and O'Reilly, Jill and Behrens, Timothy},
  title = {Human markers of grid cell coding of non-spatial cognition},
  year = {2015},
  note = {Poster presented at Mechanisms of Memory and Learning, June 15--16, Hawaii}
}

@article{cushman2013action,
  title={Action, outcome, and value a dual-system framework for morality},
  author={Cushman, Fiery},
  journal={Personality and social psychology review},
  volume={17},
  number={3},
  pages={273--292},
  year={2013},
  publisher={SAGE Publications}
}

@article{buzsaki2013memory,
  title={Memory, navigation and theta rhythm in the hippocampal-entorhinal system},
  author={Buzs{\'a}ki, Gy{\"o}rgy and Moser, Edvard I},
  journal={Nature neuroscience},
  volume={16},
  number={2},
  pages={130--138},
  year={2013},
  publisher={Nature Publishing Group}
}

@article{tolman1948cognitive,
  title={Cognitive maps in rats and men.},
  author={Tolman, Edward C},
  journal={Psychological review},
  volume={55},
  number={4},
  pages={189},
  year={1948},
  publisher={American Psychological Association}
}

@article{otto2013curse,
  title={The curse of planning dissecting multiple reinforcement-learning systems by taxing the central executive},
  author={Otto, A Ross and Gershman, Samuel J and Markman, Arthur B and Daw, Nathaniel D},
  journal={Psychological science},
  pages={0956797612463080},
  year={2013},
  publisher={Sage Publications}
}

@article{otto2013working,
  title={Working-memory capacity protects model-based learning from stress},
  author={Otto, A Ross and Raio, Candace M and Chiang, Alice and Phelps, Elizabeth A and Daw, Nathaniel D},
  journal={Proceedings of the National Academy of Sciences},
  volume={110},
  number={52},
  pages={20941--20946},
  year={2013},
  publisher={National Acad Sciences}
}

@article{cushman2013action,
  title={Action, outcome, and value a dual-system framework for morality},
  author={Cushman, Fiery},
  journal={Personality and social psychology review},
  volume={17},
  number={3},
  pages={273--292},
  year={2013},
  publisher={SAGE Publications}
}

@article{kahneman1979prospect,
  title={Prospect theory: An analysis of decision under risk},
  author={Kahneman, Daniel and Tversky, Amos},
  journal={Econometrica: Journal of the Econometric Society},
  pages={263--291},
  year={1979},
  publisher={JSTOR}
}

@article{griffiths2008bayesian,
  title={Bayesian models of cognition},
  author={Griffiths, Thomas L and Kemp, Charles and Tenenbaum, Joshua B},
  year={2008},
  publisher={Cambridge University Press}
}

@article{dolan2013goals,
  title={Goals and habits in the brain},
  author={Dolan, Ray J and Dayan, Peter},
  journal={Neuron},
  volume={80},
  number={2},
  pages={312--325},
  year={2013},
  publisher={Elsevier}
}

@MISC{wilson2015tradeoff,
  author = {Wilson, Robert C and Cohen, Jonathan D},
  title = {Humans tradeoff information seeking and randomness in explore-exploit decisions},
  year = {2015},
  note = {Poster presented at Reinforcement Learning & Decision Making, June 7--10, Edmonton, Canada}
}